@INPROCEEDINGS{hirotomo,

  author={Hirotomo, M. and Mohri, M. and Morii, M.},

  booktitle={Proceedings. International Symposium on Information Theory, 2005. ISIT 2005.}, 

  title={A probabilistic computation method for the weight distribution of low-density parity-check codes}, 

  year={2005},

  volume={},

  number={},

  pages={2166-2170},

  doi={10.1109/ISIT.2005.1523730}}

@article{tomasi,
  author    = {Alessandro Tomasi and
               Alessio Meneghetti},
  title     = {Binary linear code weight distribution estimation by random bit stream
               compression},
  journal   = {CoRR},
  volume    = {abs/1806.02099},
  year      = {2018},
  url       = {http://arxiv.org/abs/1806.02099},
  eprinttype = {arXiv},
  eprint    = {1806.02099},
  timestamp = {Thu, 28 Apr 2022 15:56:43 +0200},
  biburl    = {https://dblp.org/rec/journals/corr/abs-1806-02099.bib},
  bibsource = {dblp computer science bibliography, https://dblp.org}
}

@InProceedings{BCH_ssp,
author="Becker, Anja
and Coron, Jean-S{\'e}bastien
and Joux, Antoine",
editor="Paterson, Kenneth G.",
title="Improved Generic Algorithms for Hard Knapsacks",
booktitle="Advances in Cryptology -- EUROCRYPT 2011",
year="2011",
publisher="Springer Berlin Heidelberg",
address="Berlin, Heidelberg",
pages="364--385",
}

@inproceedings{debris2019wave,
  title={Wave: A new family of trapdoor one-way preimage sampleable functions based on codes},
  author={Debris-Alazard, Thomas and Sendrier, Nicolas and Tillich, Jean-Pierre},
  booktitle={Advances in Cryptology--ASIACRYPT 2019: 25th International Conference on the Theory and Application of Cryptology and Information Security, Kobe, Japan, December 8--12, 2019, Proceedings, Part I},
  pages={21--51},
  year={2019},
  organization={Springer}
}


@article{debris2017problem,
  title={The problem with the SURF scheme},
  author={Debris-Alazard, Thomas and Sendrier, Nicolas and Tillich, Jean-Pierre},
  journal={arXiv preprint arXiv:1706.08065},
  year={2017}
}


@article{johansson2002complexity,
  title={On the complexity of some cryptographic problems based on the general decoding problem},
  author={Johansson, Thomas and Jonsson, Fredrik},
  journal={IEEE Transactions on Information Theory},
  volume={48},
  number={10},
  pages={2669--2678},
  year={2002},
  publisher={IEEE}
}



@inproceedings{sendrier2011decoding,
  title={Decoding one out of many},
  author={Sendrier, Nicolas},
  booktitle={Post-Quantum Cryptography: 4th International Workshop, PQCrypto 2011, Taipei, Taiwan, November 29--December 2, 2011. Proceedings 4},
  pages={51--67},
  year={2011},
  organization={Springer}
}


@InProceedings{wagner,
author="Wagner, David",
editor="Yung, Moti",
title="A Generalized Birthday Problem",
booktitle="Advances in Cryptology --- CRYPTO 2002",
year="2002",
publisher="Springer Berlin Heidelberg",
address="Berlin, Heidelberg",
pages="288--304",
}

@inproceedings{CantoTorres,
author = {Torres, R. and Sendrier, N.},
year = {2016},
pages = {144-161},
title = {Analysis of Information Set Decoding for a Sub-linear Error Weight},
booktitle="PQCrypto 2016",
publisher="Springer International Publishing",
}

@article{Prange1962,
  title={The use of information sets in decoding cyclic codes},
  author={E. Prange},
  journal={IRE Trans. Inf. Theory},
  year={1962},
  month={Sep.},
  volume={8},
  number={5},
  pages={5-9}
}

@InProceedings{bonnetain,
author="Bonnetain, Xavier
and Bricout, R{\'e}mi
and Schrottenloher, Andr{\'e}
and Shen, Yixin",
editor="Moriai, Shiho
and Wang, Huaxiong",
title="Improved Classical and Quantum Algorithms for Subset-Sum",
booktitle="Advances in Cryptology -- ASIACRYPT 2020",
year="2020",
publisher="Springer International Publishing",
address="Cham",
pages="633--666",
}

@InProceedings{howgrave,
author="Howgrave-Graham, Nick
and Joux, Antoine",
editor="Gilbert, Henri",
title="New Generic Algorithms for Hard Knapsacks",
booktitle="Advances in Cryptology -- EUROCRYPT 2010",
year="2010",
publisher="Springer Berlin Heidelberg",
address="Berlin, Heidelberg",
pages="235--256"
}

@INPROCEEDINGS{schroeppel,
  author={Schroeppel, Richard and Shamir, Adi},
  booktitle={20th Annual Symposium on Foundations of Computer Science (sfcs 1979)}, 
  title={A $T\cdot S^2 = O (2^n)$ time/space tradeoff for certain NP-complete problems}, 
year={1979},
pages={328-336},
}

@misc{Restricted,
      title={A New Path to Code-based Signatures via Identification Schemes with Restricted Errors}, 
      author={Marco Baldi and Massimo Battaglioni and Franco Chiaraluce and Anna-Lena Horlemann-Trautmann and Edoardo Persichetti and Paolo Santini and Violetta Weger},
      year={2021},
      eprint={2008.06403},
}

@InProceedings{ternary_sdp,
author="Bricout, R{\'e}mi
and Chailloux, Andr{\'e}
and Debris-Alazard, Thomas
and Lequesne, Matthieu",
editor="Paterson, Kenneth G.
and Stebila, Douglas",
title="Ternary Syndrome Decoding with Large Weight",
booktitle="Selected Areas in Cryptography -- SAC 2019",
year="2020",
publisher="Springer International Publishing",
address="Cham",
pages="437--466",
}

@article{mceliece1978public,
  title={A public-key cryptosystem based on algebraic},
  author={McEliece, Robert J},
  journal={Coding Thv},
  volume={4244},
  pages={114--116},
  year={1978}
}

@inproceedings{peters2010information,
  title={Information-set decoding for linear codes over F q},
  author={Peters, Christiane},
  booktitle={International Workshop on Post-Quantum Cryptography},
  pages={81--94},
  year={2010},
  organization={Springer}
}

@article{bike,
  title={BIKE: bit flipping key encapsulation},
  author={Aragon, Nicolas and Barreto, Paulo and Bettaieb, Slim and Bidoux, Lo{\"\i}c and Blazy, Olivier and Deneuville, Jean-Christophe and Gaborit, Philippe and Gueron, Shay and Guneysu, Tim and Melchor, Carlos Aguilar and others},
  year={2017}
}

@article{classic,
  title={Classic McEliece: conservative code-based cryptography},
  author={Bernstein, Daniel J and Chou, Tung and Lange, Tanja and von Maurich, Ingo and Misoczki, Rafael and Niederhagen, Ruben and Persichetti, Edoardo and Peters, Christiane and Schwabe, Peter and Sendrier, Nicolas and others},
  journal={NIST submissions},
  year={2017}
}

@article{hqc,
  title={Hamming quasi-cyclic (HQC)},
  author={Melchor, Carlos Aguilar and Aragon, Nicolas and Bettaieb, Slim and Bidoux, Lo{\i}c and Blazy, Olivier and Deneuville, Jean-Christophe and Gaborit, Philippe and Persichetti, Edoardo and Z{\'e}mor, Gilles and Bourges, IC},
  journal={NIST PQC Round},
  volume={2},
  pages={4--13},
  year={2018}
}

@inproceedings{parallelcfs,
  title={Parallel-cfs},
  author={Finiasz, Matthieu},
  booktitle={International Workshop on Selected Areas in Cryptography},
  pages={159--170},
  year={2010},
  organization={Springer}
}

@article{faugere2013distinguisher,
  title={A distinguisher for high-rate McEliece cryptosystems},
  author={Faugere, Jean-Charles and Gauthier-Umana, Val{\'e}rie and Otmani, Ayoub and Perret, Ludovic and Tillich, Jean-Pierre},
  journal={IEEE Transactions on Information Theory},
  volume={59},
  number={10},
  pages={6830--6844},
  year={2013},
  publisher={IEEE}
}

@article{santinicrypt1,
  title={Cryptanalysis of a code-based full-time signature},
  author={Aragon, Nicolas and Baldi, Marco and Deneuville, Jean-Christophe and Khathuria, Karan and Persichetti, Edoardo and Santini, Paolo},
  journal={Designs, Codes and Cryptography},
  volume={89},
  number={9},
  pages={2097--2112},
  year={2021},
  publisher={Springer}
}

@inproceedings{santinicrypt2,
  title={Cryptanalysis of a one-time code-based digital signature scheme},
  author={Santini, Paolo and Baldi, Marco and Chiaraluce, Franco},
  booktitle={2019 IEEE International Symposium on Information Theory (ISIT)},
  pages={2594--2598},
  year={2019},
  organization={IEEE}
}

@article{santinicrypt3,
  title={Cryptanalysis of a Code-Based Signature Scheme Based on the Schnorr-Lyubashevsky Framework},
  author={Baldi, Marco and Deneuville, Jean-Christophe and Persichetti, Edoardo and Santini, Paolo},
  journal={IEEE Communications Letters},
  volume={25},
  number={9},
  pages={2829--2833},
  year={2021},
  publisher={IEEE}
}

@article{deneuville2020cryptanalysis,
  title={Cryptanalysis of a code-based one-time signature},
  author={Deneuville, Jean-Christophe and Gaborit, Philippe},
  journal={Designs, Codes and Cryptography},
  volume={88},
  number={9},
  pages={1857--1866},
  year={2020},
  publisher={Springer}
}

@inproceedings{phesso2016efficient,
  title={An efficient attack on a code-based signature scheme},
  author={Phesso, Aur{\'e}lie and Tillich, Jean-Pierre},
  booktitle={Post-Quantum Cryptography},
  pages={86--103},
  year={2016},
  organization={Springer}
}

@inproceedings{otmani2011efficient,
  title={An efficient attack on all concrete KKS proposals},
  author={Otmani, Ayoub and Tillich, Jean-Pierre},
  booktitle={International Workshop on Post-Quantum Cryptography},
  pages={98--116},
  year={2011},
  organization={Springer}
}

@inproceedings{sternid,
  title={A new identification scheme based on syndrome decoding},
  author={Stern, Jacques},
  booktitle={Annual International Cryptology Conference},
  pages={13--21},
  year={1993},
  organization={Springer}
}

@article{stern1989method,
  title={A method for finding codewords of small weight},
  author={Stern, Jacques},
  journal={Coding theory and applications},
  volume={388},
  pages={106--113},
  year={1989}
}


@article{debris2017problem,
  title={The problem with the SURF scheme},
  author={Debris-Alazard, Thomas and Sendrier, Nicolas and Tillich, Jean-Pierre},
  journal={arXiv preprint arXiv:1706.08065},
  year={2017}
}


@inproceedings{cve,
  title={A zero-knowledge identification scheme based on the q-ary syndrome decoding problem},
  author={Cayrel, Pierre-Louis and V{\'e}ron, Pascal and Yousfi Alaoui, Sidi Mohamed El},
  booktitle={International Workshop on Selected Areas in Cryptography},
  pages={171--186},
  year={2010},
  organization={Springer}
}

@article{veron,
  title={Improved identification schemes based on error-correcting codes},
  author={V{\'e}ron, Pascal},
  journal={Applicable Algebra in Engineering, Communication and Computing},
  volume={8},
  number={1},
  pages={57--69},
  year={1997},
  publisher={Springer}
}

@inproceedings{ags,
  title={A new zero-knowledge code based identification scheme with reduced communication},
  author={Aguilar, Carlos and Gaborit, Philippe and Schrek, Julien},
  booktitle={2011 IEEE Information Theory Workshop},
  pages={648--652},
  year={2011},
  organization={IEEE}
}

@inproceedings{bettaieb2021zero,
  title={Zero-Knowledge Reparation of the V{\'e}ron and AGS Code-based Identification Schemes},
  author={Bettaieb, Slim and Bidoux, Lo{\"\i}c and Blazy, Olivier and Gaborit, Philippe},
  booktitle={2021 IEEE International Symposium on Information Theory (ISIT)},
  pages={55--60},
  year={2021},
  organization={IEEE}
}

@article{bidoux2021quasi,
  title={Quasi-Cyclic Stern Proof of Knowledge},
  author={Bidoux, Lo{\"\i}c and Gaborit, Philippe and Sendrier, Nicolas},
  journal={arXiv preprint arXiv:2110.05005},
  year={2021}
}

@article{gueron2022designing,
  title={Designing a Practical Code-Based Signature Scheme from Zero-Knowledge Proofs with Trusted Setup},
  author={Gueron, Shay and Persichetti, Edoardo and Santini, Paolo},
  journal={Cryptography},
  volume={6},
  number={1},
  pages={5},
  year={2022},
  publisher={MDPI}
}

@article{feneuil2021shared,
  title={Shared Permutation for Syndrome Decoding: New Zero-Knowledge Protocol and Code-Based Signature},
  author={Feneuil, Thibauld and Joux, Antoine and Rivain, Matthieu},
  journal={Cryptology ePrint Archive},
  year={2021}
}

@article{feneuil2022syndrome,
  title={Syndrome Decoding in the Head: Shorter Signatures from Zero-Knowledge Proofs},
  author={Feneuil, Thibauld and Joux, Antoine and Rivain, Matthieu},
  journal={Cryptology ePrint Archive},
  year={2022}
}

@article{baldi2020new,
  title={A new path to code-based signatures via identification schemes with restricted errors},
  author={Baldi, Marco and Battaglioni, Massimo and Chiaraluce, Franco and Horlemann-Trautmann, Anna-Lena and Persichetti, Edoardo and Santini, Paolo and Weger, Violetta},
  journal={arXiv preprint arXiv:2008.06403},
  year={2020}
}

@inproceedings{lyubashevsky2012lattice,
  title={Lattice signatures without trapdoors},
  author={Lyubashevsky, Vadim},
  booktitle={Annual International Conference on the Theory and Applications of Cryptographic Techniques},
  pages={738--755},
  year={2012},
  organization={Springer}
}

@article{prange1962,
  title={The use of information sets in decoding cyclic codes},
  author={Prange, Eugene},
  journal={IRE Transactions on Information Theory},
  volume={8},
  number={5},
  pages={5--9},
  year={1962},
  publisher={IEEE}
}

@inproceedings{becker2012decoding,
  title={Decoding random binary linear codes in $2^{n/20}$: How $1+ 1= 0$ improves information set decoding},
  author={Becker, Anja and Joux, Antoine and May, Alexander and Meurer, Alexander},
  booktitle={Advances in Cryptology--EUROCRYPT 2012: 31st Annual International Conference on the Theory and Applications of Cryptographic Techniques, Cambridge, UK, April 15-19, 2012. Proceedings 31},
  pages={520--536},
  year={2012},
  organization={Springer}
}

@ARTICLE{21270,
  author={Leon, J.S.},
  journal={IEEE Transactions on Information Theory}, 
  title={A probabilistic algorithm for computing minimum weights of large error-correcting codes}, 
  year={1988},
  volume={34},
  number={5},
  pages={1354-1359},
  doi={10.1109/18.21270}
}

@article{doerr2020probabilistic,
  title={Probabilistic tools for the analysis of randomized optimization heuristics},
  author={Doerr, Benjamin},
  journal={Theory of evolutionary computation: Recent developments in discrete optimization},
  pages={1--87},
  year={2020},
  publisher={Springer}
}


@article{hagerup1990guided,
  title={A guided tour of Chernoff bounds},
  author={Hagerup, Torben and R{\"u}b, Christine},
  journal={Information processing letters},
  volume={33},
  number={6},
  pages={305--308},
  year={1990},
  publisher={Elsevier}
}


@article{chernoff1952measure,
  title={A measure of asymptotic efficiency for tests of a hypothesis based on the sum of observations},
  author={Chernoff, Herman},
  journal={The Annals of Mathematical Statistics},
  pages={493--507},
  year={1952},
  publisher={JSTOR}
}


@article{bouyukliev2007code,
  title={About the code equivalence},
  author={Bouyukliev, I},
  journal={Advances in Coding Theory and Cryptography},
  volume={3},
  pages={126--151},
  year={2007},
  publisher={World Scientific Publishing Co., Singapore}
}


@inproceedings{may2011decoding,
  title={Decoding random linear codes in $\mathcal{O}(2^{0.054n})$},
  author={May, Alexander and Meurer, Alexander and Thomae, Enrico},
  booktitle={Advances in Cryptology--ASIACRYPT 2011: 17th International Conference on the Theory and Application of Cryptology and Information Security, Seoul, South Korea, December 4-8, 2011. Proceedings 17},
  pages={107--124},
  year={2011},
  organization={Springer}
}

@article{leon,
  title={Computing automorphism groups of error-correcting codes},
  author={Leon, Jeffrey},
  journal={IEEE Transactions on Information Theory},
  volume={28},
  number={3},
  pages={496--511},
  year={1982},
  publisher={IEEE}
}


@inproceedings{sendrier2001computation,
  title={On the computation of the automorphism group of a linear code},
  author={Sendrier, Nicolas and Skersys, Gintaras},
  booktitle={Proceedings. 2001 IEEE International Symposium on Information Theory (IEEE Cat. No. 01CH37252)},
  pages={13},
  year={2001},
  organization={IEEE}
}


@inproceedings{shor1994algorithms,
  title={Algorithms for quantum computation: discrete logarithms and factoring},
  author={Shor, Peter W},
  booktitle={Proceedings 35th annual symposium on foundations of computer science},
  pages={124--134},
  year={1994},
  organization={Ieee}
}

@inproceedings{fiat1986prove,
  title={How to Prove Yourself: Practical Solutions to Identification and Signature Problems.},
  author={Fiat, Amos and Shamir, Adi},
  booktitle={Crypto},
  volume={86},
  pages={186--194},
  year={1986},
  organization={Springer}
}
